01,CITIDIRECT,8888888,150716,0713,00131100,,,2/
02,8888888,CITIGB00,1,150715,2340,GBP,2/
03,77777777,GBP,010,10000,,,015,10000,,,/
16,191,001,V,150715,,1234567890,RP12312312312312/
88,FR:FP SIP INCOMING
88,ENDT:20150715
88,TRID:RP12312312312312
88,PY:RP1231231231231200                 A1234BC 22/03/66
88,BI:22222222
88,OB:111111 BUCKINGHAM PALACE OB3:BARCLAYS BANK PLC
88,BO:11111111 BO1:DOE JO
49,20001,10/
98,20001,1,12/
99,20001,1,14/