01,NWBKGB2L,9876543,100215,14:59:35,2215,,,2/
02,9876543,NWBKGB2L,1,091216,2400,,/
03,88888888 600004,GBP,010,36521,,,015,33845,,,045,33845,,,040,33845,,,072,0,,/
88,074,0,,,075,0,,,400,2765,4,,100,89,1,/
16,699,971,,,/
88,LVP XBANKGO24007664SJ LVP INT 2 USAXBANKGO24007664SJ LVP INT 2 USARELAY TFR
16,699,100,,,/
88,TFR XBANKGO24007662CAT TESTXBANKGO24007662XTESTX LIMITEDCCY AC TFR
16,699,123,,,/
88,TFR XBANKGO24007684SJ CAT GBP 2 JPYXBANKGO24007684BGC INTERNATIONACCY AC TFR
16,699,1571,,,/
88,UTF XBANKGO24007665SJ URG INT 2 USAXBANKGO24007665SJ URG INT 2 USAURGENT TFR
16,399,89,,,/
88,TFR XBANKGO24007680SJ CAT JPY 2 GBPXBANKGO24007680BGC INTERNATIONAL-5373 CLIE
88,NT SECCY AC TFR
49,143764,14/
98,143764,1,16/
99,143764,1,18/