01,121140399,121140399,230214,0754,1,,,2/
02,121140399,121140399,1,220201,,USD,2/
03,1234567890,USD,010,34726979,,,015,35217175,,,/
88,040,32742537,,,045,35217175,,,/
88,072,000,,,074,000,,,/
88,100,490196,1,,400,000,0,/
16,142,490196,,172629,/
88,SOME PAYMENT ACH OFFSET
49,138884258,7/
98,138884258,1,9/
02,121140399,121140399,1,220202,,USD,2/
03,1234567890,USD,010,35217175,,,015,36122975,,/
88,040,33871213,,,045,36122975,,,/
88,072,000,,,074,000,,,/
88,100,905800,1,,400,000,0,/
16,142,905800,,150675,/
88,SOME PAYMENT ACH OFFSET
49,143145938,7/
98,143145938,1,9/
99,282030196,2,20
